@online{Miktex2017,
  author = "Christian Schenk",
  title = "{Mik\TeX}: typsetting beautiful documents.",
  url = {https://miktex.org/},
  urldate = {2017-03-13}
  }


@online{Texworks2017,
  author = "Jonathan Kew and Stefan L{\"o}ffler",
  title = "{{\TeX}works}: A simple interface for working with {\TeX} documents.",
  url = {https://github.com/texworks/},
  urldate = "2017-03-13"
  }
 
@online{arara2017,
  author = "{Paulo Roberto Massa} Cereda and Marco Daniel and 
    Brent Longborough and {Nicola Louise Cecilia} Talbot",
  title = "\texttt{arara}: The cool {\TeX} automation tool.",
  url = {https://github.com/cereda/arara},
  urldate = {2017-03-13}
  }
